Account Name       :                	Mr. Jane  DOE
Address            :	3 Neptune USE,FLAT 12,
                                    	ULLOOR BOULEVARD Neptune Capital
                                    	ASD QWER
                                    	
Date               :                	15 Oct 3213
Account Number     :	_00000020002979594
Xccount Xescription:	XXXXX-XXX-XXX XXX-XXX-XXX
Branch             :	PBB, XXXXXXXXXX
Drawing Power      :	0.00
Interest Rate(% p.a.):	2.7
MOD Balance      :	0.00
CIF No.          :	_85098545960
IFS (Indian Financial System) Code         :	xxxxxxxxxxx
MICR (Magnetic Ink Character Recognition)  Code        :	_695002018
Nomination Registered    :	Yes 
Balance on 1 Jul 3213        :	6,45,452.35
Start Date          :	1 Jul 3213
End Date            :	31 Jul 3213
Txn Date	Value Date	Description	Ref No./Cheque No.	        Debit	Credit	Balance	
3 Jul 3213	3 Jul 3213	   BULK POSTING-ACHCr UTIB01853000028122 TCS FINDIV 030--		 	120.00	6,45,572.35
3 Jul 3213	3 Jul 3213	   BULK POSTING-ACHCr ICIC02491000005006 INFOSYS LIMITE--		 	210.00	6,45,782.35
3 Jul 3213	3 Jul 3213	   BULK POSTING-ACHCr IBKL00790000017640 GHCL FNLDIV 20--		 	542.50	6,46,324.85
10 Jul 3213	10 Jul 3213	   BULK POSTING-ACHCr HDFC01045000010263 TATAELXSIDIV10--		 	181.80	6,46,506.65
15 Jul 3213	15 Jul 3213	   BULK POSTING-ACHCr NACH00000000005706 ICICI LOMBARD--		 	5.50	6,46,512.15
16 Jul 3213	16 Jul 3213	   BY TRANSFER-UPI/CR/319719939112/JALEEL  S/SBIN/jaleelsada/divi--	TRANSFER FROM 4897738162095	 	2,000.00	6,48,512.15
23 Jul 3213	23 Jul 3213	   TO TRANSFER-UPI/DR/320430217616/Tagmango/ICIC/tagmango32/Payme--	TRANSFER TO 4897696162090	4,799.00	 	6,43,713.15
24 Jul 3213	24 Jul 3213	   BULK POSTING-ACHCr NACH00000000004535 LTIMINDTREE FN--		 	200.00	6,43,913.15
24 Jul 3213	24 Jul 3213	   BULK POSTING-ACHCr UTIB00640000016094 PSL FNL 2022 2--		 	132.00	6,44,045.15
24 Jul 3213	24 Jul 3213	   BULK POSTING-ACHCr HDFC01077000010343 MPHFINDIV20222--		 	200.00	6,44,245.15
25 Jul 3213	25 Jul 3213	   BULK POSTING-ACHCr HDFC02031000016359 HDFCLIFEINSURA--		 	5.70	6,44,250.85
25 Jul 3213	25 Jul 3213	   BULK POSTING-ACHCr NACH00000000003163 BALKRISHNAINDU--		 	12.00	6,44,262.85
26 Jul 3213	26 Jul 3213	   BULK POSTING-ACHCr HDFC00889000009871 KANSAIFRACTION--		 	149.80	6,44,412.65
28 Jul 3213	28 Jul 3213	   BULK POSTING-ACHCr HSBC00044000001324 GLAXO PHARMA--		 	96.00	6,44,508.65
28 Jul 3213	28 Jul 3213	   BULK POSTING-ACHCr HDFC01040000010252 BAJAJ FINANCE--		 	60.00	6,44,568.65

**This is a computer generated statement and does not require a signature

